@inproceedings{Hearst:1992,
 author = {Hearst, Marti A.},
 title = {{A}utomatic {A}cquisition of {H}yponyms from {L}arge {T}ext {C}orpora},
 booktitle = {Proceedings of the 14th Conference on Computational Linguistics - Volume 2},
 series = {COLING '92},
 year = {1992},
 location = {Nantes, France},
 pages = {539--545},
 numpages = {7},
 url = {http://dx.doi.org/10.3115/992133.992154},
 doi = {10.3115/992133.992154},
 acmid = {992154},
 publisher = {Association for Computational Linguistics},
 address = {Stroudsburg, PA, USA},
}

@article{Biemann:2003,
  author    = {Christian Biemann},
  title     = {{E}xtraktion von semantischen {R}elationen aus nat{\"u}rlichsprachlichem
               {T}ext mit {H}ilfe von maschinellem {L}ernen},
  journal   = {LDV Forum},
  volume    = {18},
  number    = {1/2},
  year      = {2003},
  pages     = {12-25},
  ee        = {http://www.jlcl.org/2003_Doppelheft/12-25_Biemann.pdf},
  bibsource = {DBLP, http://dblp.uni-trier.de}
}