@ARTICLE{bib:Bird2006,
author    = "Steven Bird",
title     = "{NLTK}: {T}he {N}atural {L}anguage {T}oolkit",
journal   = "Proceedings of the COLING/ACL 2006 Interactive Presentation Sessions",
year      = "2006",
pages     = "69 -- 72"
}

@ARTICLE{bib:Ide2002,
author    = "Nancy Ide and Randi Reppen and Keith Sunderman",
title     = "{T}he {A}american {N}ational {C}orpus: {M}ore {T}han the {W}eb {C}an {P}rovide",
journal   = "Proceedings of the Third Language Resources and Evaluation Conference, Las Palmas",
year      = "2002",
pages     = "839 -- 844"
}

@INPROCEEDINGS{bib:Snow2004,
author    = "Rion Snow and Daniel Jurafsky and Andrew Y. Ng",
title     = "{L}earning syntactic patterns for automatic hypernym discovery",
booktitle = "Advances in Neural Information Processing Systems (NIPS 2004)",
year      = "2004",
}

@INPROCEEDINGS{bib:Brill1992,
author    = "Brill Eric",
title     = "{A} {S}imple {R}ule-based {P}art of {S}peech {T}agger",
booktitle = "Proceedings of the Third Conference on Applied Natural Language Processing",
series    = "ANLC '92",
year      = "1992",
pages     = "152 -- 155",
publisher = "Association for Computational Linguistics"
}

@BOOK{bib:Glueck2005,
author    = "Helmut Glück and Frederike Schmöe",
volume    = "3", 
title     = "Metzler-Lexikon Sprache", 
publisher = "Stuttgart, Weimar: Metzler", 
year      = "2005"
}